@inbook{mak,
	author="Макконнел Дж.",
	title="Анализ алгоритмов. Активный обучающий подход.",
	publisher="Техносфера",
	year=2018
}

@misc{Python,
    title="Welcome to Python [Электронный ресурс]",
    howpublished="Режим доступа: \url{https://www.python.org} (дата обращения:
        20.12.2023)"
}

@misc{PC,
    title="time — Time access and conversions [Электронный ресурс]",
    howpublished="Режим доступа: \url{https://docs.python.org/3/library/time.html#functions} (дата обращения:
        20.12.2023)"
}
