@book{Ulianov,
	author="Ульянов М.В.",
	title="Ресурсно-эффективные компьютерные алгоритмы",
	publisher="ФИЗМАТЛИТ",
	year=2008,
	pages=203
}

@article{Shtovba,
    author = {С.~Д. Штовба},
    year = {2003},
    pages = {70-75},
    title = {Муравьиные алгоритмы},
    journal = {Exponenta Pro. Математика в приложениях},
    number = {4},
    note = {URL: \url{https://www.researchgate.net/publication/279535061_Stovba_SD_Muravinye_algoritmy_
    Exponenta_Pro_Matematika_v_prilozeniah_-_2003_-_No4_-_S_70-75}(дата обращения: 05.12.2023)},
    language = russian
}

@misc{python-lang,
	title="Welcome to Python [Электронный ресурс]",
	howpublished="Режим доступа: \url{https://www.python.org} (дата обращения: 23.11.2021)"
}

@misc{python-lang-time,
	title="time — Time access and conversions [Электронный ресурс]",
	howpublished="Режим доступа: \url{https://docs.python.org/3/library/time.html#functions} (дата обращения: 27.11.2021)"
}
