@article{Pogorelov,
  author  = "Д.~А. Погорелов and А.~М. Таразанов and Л.~Л. Волкова and М.~А. Потапенко",
  title   = "Применение конвейерной обработки данных на примере сортировки простыми вставками",
  journal = "Образование и наука в России и за рубежом",
  year    = 2019,
  volume  = "49",
  number  = "1",
}

@misc{Bogoslovskiy,
  author       = "Н.~Н. Богословский",
  title        = "Конспект лекций дисциплины «Архитектура и программное
      обеспечение высокопроизводительных вычислительных систем»",
  howpublished = "Режим доступа:
  \url{http://hpc-education.ru/files/lectures/2011/bogoslovskiy/bogoslovskiy_2011_lectures05.pdf}
  (дата обращения: 10.12.2023)",
}

@book{winograd,
    author = {Дж. Макконелл},
    title = {Основы современных алгоритмов},
    edition = {2-e доп.},
    address = {М.},
    publisher = {Техносфера},
    year = {2004},
    pages = 368,
    language = russian
}

@misc{golang,
    title="The Go Programming Language [Электронный ресурс]",
    howpublished="Режим доступа: \url{https://golang.org/} (дата обращения:
        10.12.2023)"
}

@misc{cgo,
	title="Документация CGo [Электронный ресурс]",
	howpublished="Режим доступа: \url{https://pkg.go.dev/cmd/cgo}
                  (дата обращения: 10.12.2023)"
}
