@misc{pancake,
	title="Блинная сортировка [Электронный ресурс]",
	howpublished="Режим доступа: 
         \url{https://programm.top/c-sharp/algorithm/array-sort/pancake-sort/}
                  (дата обращения: 15.10.2023)"
}

@misc{cgo,
	title="Документация CGO [Электронный ресурс]",
	howpublished="Режим доступа: \url{https://pkg.go.dev/cmd/cgo} 
    (дата обращения: 15.10.2023)"
}

@misc{sheyker,
	title="Шейкерная сортировка (перемешиванием)  [Электронный ресурс]",
	howpublished="Режим доступа: \url{https://kvodo.ru/shaker-sort.html} 
    (дата обращения: 15.10.2023)"
}

@inbook{book_lipachev,
	author="Е.К. Липачѐв.",
	title="Технология программирования. Методы сортировки данных: учебное
	пособие.",
	publisher="--- Казань: Казанский университет",
	pages="59",
	language="russian",
	year=2017
}

@inbook{book_sort_algorithms,
	author="Д.В. Шагбазян, А.А. Штанюк, Е.В. Малкина.",
	title="Алгоритмы сортировки. Анализ, реализация, применение: учебное пособие.",
	publisher="–- Нижний Новгород: Нижегородский государственный университет",
	pages="22--25",
	language="russian",
	year=2019
}

@inbook{book_knut,
	author="Кнут Д.",
	title="Искусство программирования для ЭВМ. Том 3. Сортировка ипоиск.",
	publisher="--- М.: ООО «И.Д. Вильямс»",
	pages="824",
	language="russian",
	year=2014
}

@inbook{book_kormen,
	author="Кормен Т., Лейзерсон Ч., Ривест Р.",
	title="Алгоритмы: построение и анализ.",
	publisher="--- М.: МЦНМО",
	pages="1328",
	language="russian",
	year=2000
}

@misc{go,
	title="Документация Go [Электронный ресурс]",
	howpublished="Режим доступа: \url{https://go.dev}
                  (дата обращения: 20.09.2023)"
}
