@inbook{distances,
	author="В. М. Черненький and Ю. Е. Гапанюк",
	title="Методика идентификации пассажира по установочным данным",
	publisher="Инженерный журнал: наука и инновации",
	pages="30-39",
	language="russian",
	year=2012
}

@misc{go,
	title="Документация Go [Электронный ресурс]",
	howpublished="Режим доступа: \url{https://go.dev}
                  (дата обращения: 20.09.2023)"
}

@misc{cgo,
	title="Документация CGo [Электронный ресурс]",
	howpublished="Режим доступа: \url{https://pkg.go.dev/cmd/cgo}
                  (дата обращения: 20.09.2023)"
}

