@misc{intro,
	title="Многопоточность [Электронный ресурс]",
	howpublished="Режим доступа: \url{https://ru.coursera.org/lecture/ios-multithreading/chto-takoie-mnoghopotochnost-4MMgN}"
}

@misc{matrix,
    author = {Г. В. Ващенко},
	title="Вычислительная математика. Основы конечных методов решения систем линейных алгебраических уравнений. [Электронный ресурс]",
	howpublished="Режим доступа: \url{https://ru.coursera.org/lecture/ios-multithreading/chto-takoie-mnoghopotochnost-4MMgN}"
}

@misc{gauss,
	title="Метод элементарных преобразований. [Электронный ресурс]",
	howpublished="Режим доступа: \url{https://amkbook.net/mathbook/inverse-matrix-gauss-jordan-methods}"
}

@misc{c,
	title="Документация Си. [Электронный ресурс]",
	howpublished="Режим доступа: \url{http://www.open-std.org/jtc1/sc22/wg14/www/docs/n1256.pdf}"
}

@misc{pth,
	title="Документация по pthread. [Электронный ресурс]",
	howpublished="Режим доступа: \url{https://pubs.opengroup.org/onlinepubs/7908799/xsh/pthread.h.html}"
}
