@book{winograd,
    author = {Дж. Макконелл},
    title = {Основы современных алгоритмов},
    edition = {2-e доп.},
    address = {М.},
    publisher = {Техносфера},
    year = {2004},
    pages = 368,
    language = russian
}


@misc{go,
	title="Документация Go [Электронный ресурс]",
	howpublished="Режим доступа: \url{https://go.dev}
                  (дата обращения: 20.09.2023)"
}

@misc{cgo,
	title="Документация CGo [Электронный ресурс]",
	howpublished="Режим доступа: \url{https://pkg.go.dev/cmd/cgo}
                  (дата обращения: 20.09.2023)"
}
